<?xml version="1.0" encoding="UTF-8"?><record xmlns="http://www.loc.gov/MARC21/slim" xmlns:cinclude="http://apache.org/cocoon/include/1.0" xmlns:zs="http://www.loc.gov/zing/srw/">
  <leader>00542nz  a2200157n  4500</leader>
  <controlfield tag="001">n 2014048888</controlfield>
  <controlfield tag="003">DLC</controlfield>
  <controlfield tag="005">20140624100629.0</controlfield>
  <controlfield tag="008">140624n| azannaabn          |b aaa      </controlfield>
  <datafield tag="010" ind1=" " ind2=" ">
    <subfield code="a">n 2014048888</subfield>
  </datafield>
  <datafield tag="040" ind1=" " ind2=" ">
    <subfield code="a">DLC</subfield>
    <subfield code="b">eng</subfield>
    <subfield code="c">DLC</subfield>
    <subfield code="e">rda</subfield>
  </datafield>
  <datafield tag="100" ind1="0" ind2=" ">
    <subfield code="a">Nanpaisanshu.</subfield>
    <subfield code="t">Da mo cang lang.</subfield>
    <subfield code="l">English</subfield>
  </datafield>
  <datafield tag="400" ind1="0" ind2=" ">
    <subfield code="a">Nanpaisanshu.</subfield>
    <subfield code="t">Search for the buried bomber</subfield>
  </datafield>
  <datafield tag="400" ind1="0" ind2=" ">
    <subfield code="a">南派三叔.</subfield>
    <subfield code="t">大漠苍狼.</subfield>
    <subfield code="l">English</subfield>
  </datafield>
  <datafield tag="667" ind1=" " ind2=" ">
    <subfield code="a">Non-Latin script reference not evaluated.</subfield>
  </datafield>
  <datafield tag="670" ind1=" " ind2=" ">
    <subfield code="a">OCLC, June 24, 2014:</subfield>
    <subfield code="b">(南派三叔 = Nanpaisanshu; 大漠苍狼 = Da mo cang lang)</subfield>
  </datafield>
</record>